=LDR  00416nam  22001695i 4500
=001  003989782
=003  NNU
=005  00000000000000.0
=008  140428s2013\\\\ir\\\\\\\\\\\\000\0\per\d
=FMT  \\BK
=020  \\$a9789642281107
=035  \\$a(ipbs)13/12076
=035  7\$aipbs13/12076
=040  \\$aNNU$cNNU
=245  10$aSūʼ-i qaṣd bih ẕāt-i humāyūnī (rummān) :
=260  \\$c2013
=852  0\$aNNU$bBOBST$cMAIN$p31142056392148

