=LDR  00534nam  22001815i 4500
=001  004022002
=003  NNU
=005  00000000000000.0
=008  140724s2014\\\\ir\\\\\\\\\\\\000\0\per\d
=FMT  \\BK
=020  \\$a9789641650560
=035  \\$a(ipbs)14/03048
=035  7\$aipbs14/03048
=040  \\$aNNU$cNNU
=245  10$aBuḥūr al-alḥān dar ʻilm-i mūsīqī va nisbat-i ān bā ʻarūz̤; bih inz̤imām-i Naẓarīyah-i mūsīqī az kitāb-i "Daryā-yi kabīr" :
=260  \\$c2014
=300  \\$a1 v.
=852  0\$aNNU$bBOBST$cMAIN$p31142057562517

