=LDR  00453nam  22001695i 4500
=001  004022063
=003  NNU
=005  00000000000000.0
=008  140724s2014\\\\ir\\\\\\\\\\\\000\0\per\d
=FMT  \\BK
=035  \\$a(ipbs)14/04021
=035  7\$aipbs14/04021
=040  \\$aNNU$cNNU
=245  10$aMuṭāliʻah-i payāmadʹhā-yi iqtiṣādī-i ijrā-yi qānūn-i hadafmandī-i yārānahʹhā :
=260  \\$c2014
=300  \\$a1 v.
=852  0\$aNNU$bBOBST$cMAIN$p31142056400354

