=LDR  00478nam  22001695a 4500
=001  004041926
=003  NNU
=005  20141003112424.0
=008  141003q1993\\\\xx\\\\\\\\\\\\000\0\per\d
=FMT  \\BK
=040  \\$aNNU$beng$cNNU
=130  0\$aQurʼan.$lPersian
=245  10$aal-Qurʼān va al-Furqān
=260  \\$a[Place of publication not identified] :$b[publisher not identified],$c[1993?]
=300  \\$a839 p. ;$c24 cm.
=700  1\$aKhalifa, Rashad.
=852  0\$aNNU$bBOBST$cMAIN$p31142048945474

