=LDR  00492nam  22001695i 4500
=001  004051679
=003  NNU
=005  00000000000000.0
=008  141020s2014\\\\ir\\\\\\\\\\\\000\0\per\d
=FMT  \\BK
=020  \\$a9786003131262
=035  \\$a(ipbs)14/05039
=035  7\$aipbs14/05039
=040  \\$aNNU$cNNU
=245  10$aKunnāsh-i ṣaghīr (bar asās-i nuskhah-i khaṭṭī-i Kitābkhānah-i Markazī-i Dānishgāh-i Tihrān, shumārah-i 9668) :
=260  \\$c2014
=852  0\$aNNU$bBOBST$cMAIN$p31142057795943

