=LDR  00581nam  22001695i 4500
=001  004051680
=003  NNU
=005  20160127104422.0
=008  141020s2014\\\\ir\\\\\\\\\\\\000\0\per\d
=FMT  \\BK
=020  \\$a9786003131248
=035  \\$a(ipbs)14/05040
=035  7\$aipbs14/05040
=040  \\$aNNU$cNNU
=245  10$aTaqwīm al-abdān fī tadbīr al-insān (minhāj al-bayān fī taqwīm al-abdān) az rū-yi nuskhah-i khaṭṭī-i Kitābkhānah-i Khadīvīyah-i Qāhirah, shumārah-i 583 ṭib, mawjūd dar Dār al-Kutub-i Miṣr :
=260  \\$c2014
=852  0\$aNNU$bBOBST$cMAIN$p31142057795950

