=LDR  00478nam  22001695i 4500
=001  004051685
=003  NNU
=005  00000000000000.0
=008  141020s2014\\\\ir\\\\\\\\\\\\000\0\per\d
=FMT  \\BK
=020  \\$a9789649463070
=035  \\$a(ipbs)14/05047
=035  7\$aipbs14/05047
=040  \\$aNNU$cNNU
=245  10$aFarhangvārah-yi nāmahʹnigārī (bih hamrāh-i āyīn-i nigārish va durust nivīsī-i anvāʻ-i nāmahʹhā) :
=260  \\$c2014
=852  0\$aNNU$bBOBST$cMAIN$p31142056208294

