=LDR  00556nam  22001695i 4500
=001  004051754
=003  NNU
=005  00000000000000.0
=008  141020s2014\\\\ir\\\\\\\\\\\\000\0\per\d
=FMT  \\BK
=020  \\$a9786003130708
=035  \\$a(ipbs)14/06038
=035  7\$aipbs14/06038
=040  \\$aNNU$cNNU
=245  10$aMurakkabāt qarābādīn (risālah dar tartīb-i advīyah-i murakkabah); bar asās-i nuskhah-i khaṭṭī-i shumārah-i 330 (Sinā) mawjūd dar Kitābkhānah-i Majlis-i Shawrā-yi Islāmī :
=260  \\$c2014
=852  0\$aNNU$bBOBST$cMAIN$p31142056209235

