=LDR  00570nam  22001695i 4500
=001  004051759
=003  NNU
=005  00000000000000.0
=008  141020s2014\\\\ir\\\\\\\\\\\\000\0\per\d
=FMT  \\BK
=020  \\$a9786006068619
=035  \\$a(ipbs)14/06045
=035  7\$aipbs14/06045
=040  \\$aNNU$cNNU
=245  10$aNuskhah bargardān-i maqālāt-i sīʹum al-Taṣrīf li-man ʻajiza ʻan al-taʼlīf (dar abzārʹhā-yi jarrāḥī), mutiʻalliq bih Kitābkhānah-i Majlis-i Shawrā-yi Islāmī, shumārah-i 397 Sinā :
=260  \\$c2014
=852  0\$aNNU$bBOBST$cMAIN$p31142056209276

