=LDR  00530nam  22001695i 4500
=001  004051760
=003  NNU
=005  00000000000000.0
=008  141020s2014\\\\ir\\\\\\\\\\\\000\0\per\d
=FMT  \\BK
=020  \\$a9786003131231
=035  \\$a(ipbs)14/06047
=035  7\$aipbs14/06047
=040  \\$aNNU$cNNU
=245  10$aal-Jāmiʻ bayna al-ʻilm wa-al-ʻamal al-nāfiʻ fī ṣināʻat al-ḥiyal (bar asās-i nuskhah-i Birlīn va bih inz̤imām-i nuskhah-i Pārīs shumārah-i 2477) :
=260  \\$c2014
=852  0\$aNNU$bBOBST$cMAIN$p31142057797253

