=LDR  00421nam  22001695i 4500
=001  004051792
=003  NNU
=005  00000000000000.0
=008  141020s2014\\\\ir\\\\\\\\\\\\000\0\per\d
=FMT  \\BK
=020  \\$a9786005871333
=035  \\$a(ipbs)14/06092
=035  7\$aipbs14/06092
=040  \\$aNNU$cNNU
=245  10$aTārīkh va jughrāfī-i Dār al-Salṭanah-yi Tabrīz :
=260  \\$c2014
=852  0\$aNNU$bBOBST$cMAIN$p31142057797543

