=LDR  00606nam  22001695i 4500
=001  004087045
=003  NNU
=005  00000000000000.0
=008  141218s2014\\\\ir\\\\\\\\\\\\000\0\per\d
=FMT  \\BK
=020  \\$a978-600-6413-85-3
=035  \\$a(ipbs)14/07083
=035  7\$aipbs14/07083
=040  \\$aNNU$cNNU
=245  10$aĀmūzish-i khvāndan va khūshʹnivīsī dar dast nivishtahʹhā-yi khaṭṭ-i kūfī-i avvalīyah khāstgāh-i alifbā-yi muʻāṣir-i Fārsī va ʻArabī; bih hamrāh-i 99 ṣafhah az yik Qurān-i tārīkhī bih khaṭṭ-i kūfī :
=260  \\$c2014
=852  0\$aNNU$bBOBST$cMAIN$p31142056213633

