=LDR  00486nam  22001695i 4500
=001  004087046
=003  NNU
=005  00000000000000.0
=008  141218s2014\\\\ir\\\\\\\\\\\\000\0\per\d
=FMT  \\BK
=020  \\$a978-600-5759-29-7
=035  \\$a(ipbs)14/07084
=035  7\$aipbs14/07084
=040  \\$aNNU$cNNU
=245  10$aḤatman ʻaks-i dīgarī ham hast (qaṭʻahʹnivīsī barāyi kārt pustāl-i 66 nivīsandah-i mashhūr-i jahān) :
=260  \\$c2014
=852  0\$aNNU$bBOBST$cMAIN$p31142056213658

