=LDR  00498nam  22001695i 4500
=001  004087050
=003  NNU
=005  00000000000000.0
=008  141218s2014\\\\ir\\\\\\\\\\\\000\0\per\d
=FMT  \\BK
=020  \\$a978-600-91030-5-8
=035  \\$a(ipbs)14/07088
=035  7\$aipbs14/07088
=040  \\$aNNU$cNNU
=245  10$aVajīzat al-taḥrīr: dar chigūnigī-i tanẓīm-i asnād-i sharʻī, millī va ḥuqūqī dar dawrah-yi Ṣafavī va Qājār :
=260  \\$c2014
=852  0\$aNNU$bBOBST$cMAIN$p31142056213773

