=LDR  00422nam  22001695i 4500
=001  004087092
=003  NNU
=005  00000000000000.0
=008  141218s2014\\\\ir\\\\\\\\\\\\000\0\per\d
=FMT  \\BK
=020  \\$a978-600-175-750-1
=035  \\$a(ipbs)14/07135
=035  7\$aipbs14/07135
=040  \\$aNNU$cNNU
=245  10$aFaryādʹhā-yi khāmūsh, rūznigāsht-i tanhāyī :
=260  \\$c2014
=852  0\$aNNU$bBOBST$cMAIN$p31142056214201

