=LDR  00395nam  22001695i 4500
=001  004119750
=003  NNU
=005  00000000000000.0
=008  150316s2014\\\\ir\\\\\\\\\\\\000\0\per\d
=FMT  \\BK
=020  \\$a9789649407081
=035  \\$a(ipbs)14/09013
=035  7\$aipbs14/09013
=040  \\$aNNU$cNNU
=245  10$aFarhang-i alifbāyī-i Ḥaj :
=260  \\$c2014
=852  0\$aNNU$bBOBST$cMAIN$p31142056546289

