=LDR  00487nam  22001695i 4500
=001  004119882
=003  NNU
=005  00000000000000.0
=008  150316s2014\\\\ir\\\\\\\\\\\\000\0\per\d
=FMT  \\BK
=020  \\$a9786009103072
=035  \\$a(ipbs)14/10080
=035  7\$aipbs14/10080
=040  \\$aNNU$cNNU
=245  10$aTaḥqīq dar aḥvāl va ās\U+0331\ār-i Ibn Shahāb Yazdī (shāʻir, muvarrikh va munajjim-i gumnām-i qarn-i nuhum) :
=260  \\$c2014
=852  0\$aNNU$bBOBST$cMAIN$p31142056547055

