=LDR  01344nam  22003855i 4500
=001  004119899
=003  NNU
=005  20150505161735.0
=008  150210s2014\\\\ir\\\\\\\\\\\\000\0\pero\
=FMT  \\BK
=010  \\$a  2015325002
=020  \\$a9786007081228
=020  \\$a6007081222
=035  7\$aipbs14/12003
=035  \\$a(OCoLC)903248204
=037  \\$aLibrary of Congress -- Islamabad Overseas Office
=040  \\$aDLC$beng$erda$cDLC
=042  \\$alcode
=245  00$6880-01$aAṭlas-i kitābkhānahʹhā-yi ustān-i Alburz.
=246  13$aAtlas of Alborz Province libraries
=250  \\$6880-02$aChāp-i avval.
=264  \1$6880-03$aKaraj :$bMilird,$c2014.
=300  \\$a360 pages :$billustrations, maps, charts ;$c29 cm
=336  \\$atext$2rdacontent
=337  \\$aunmediated$2rdamedia
=338  \\$avolume$2rdacarrier
=504  \\$aIncludes bibliographical references (pages [345]-347) and index.
=520  \\$aLibraries - Iran - Alburz - Directories
=546  \\$aIn Persian.
=700  1\$6880-04$aAsadī Milirdī, Mahdī,$d1966-$eeditor.
=880  00$6245-01/$aاطلس کتابخانه‌هاى استان البرز.
=880  \\$6250-02/$aچاپ اول.
=880  \1$6264-03/$aکرج :$bملرد،$c2014.
=880  1\$6700-04/$aاسدى ملردى، مهدى،$d1966-$eeditor.
=852  0\$aNNU$bBOBST$cMAIN$p31142056547576

