=LDR  00378nam  22001695i 4500
=001  004119951
=003  NNU
=005  00000000000000.0
=008  150316s2014\\\\ir\\\\\\\\\\\\000\0\per\d
=FMT  \\BK
=020  \\$a9786002293701
=035  \\$a(ipbs)14/12076
=035  7\$aipbs14/12076
=040  \\$aNNU$cNNU
=245  10$aVārūnagī :
=260  \\$c2014
=852  0\$aNNU$bBOBST$cMAIN$p31142056548004

