=LDR  00399nam  22001695i 4500
=001  004119959
=003  NNU
=005  00000000000000.0
=008  150316s2014\\\\ir\\\\\\\\\\\\000\0\per\d
=FMT  \\BK
=020  \\$a9789645174680
=035  \\$a(ipbs)14/12086
=035  7\$aipbs14/12086
=040  \\$aNNU$cNNU
=245  10$aTajallīyāt-i rawḥ-i Īrānī :
=260  \\$c2014
=852  0\$aNNU$bBOBST$cMAIN$p31142056345336

