=LDR  00961nam  22003135i 4500
=001  004149545
=003  NNU
=005  20150709103643.0
=008  150409s2014\\\\ir\\\\\\\\\\\\000\0\pero\
=FMT  \\BK
=010  \\$a2015325183
=020  \\$a9789649640068
=020  \\$a9649640061
=035  7\$aipbs15/02020
=035  \\$a(OCoLC)907133414
=037  \\$aLibrary of Congress -- Islamabad Overseas Office
=040  \\$aDLC$beng$erda$cDLC
=042  \\$alcode
=100  1\$aRaʼīs Fīrūz, Fakhr al-Mulūk,$d1921-
=245  10$aMuʻallim :$bzindagīnāmah-i Bānū Fakhr al-Mulūk Raʼīs Fīrūz.
=250  \\$aChāp-i avval.
=264  \1$aTihrān :$bṬarḥ-i Khiyāl-i Nū,$c2014.
=300  \\$a318 pages
=336  \\$atext$2rdacontent
=337  \\$aunmediated$2rdamedia
=338  \\$avolume$2rdacarrier
=520  \\$aRaʼīs Fīrūz, Fakhr al-Mulūk, 1921- ; Teachers - Iran -- Biography.
=546  \\$aIn Persian.
=852  0\$aNNU$bBOBST$cMAIN$p31142056713806

