=LDR  00441nam  22001695i 4500
=001  004149551
=003  NNU
=005  00000000000000.0
=008  150615s2014\\\\ir\\\\\\\\\\\\000\0\per\d
=FMT  \\BK
=020  \\$a9786003132320
=035  \\$a(ipbs)15/02033
=035  7\$aipbs15/02033
=040  \\$aNNU$cNNU
=245  10$aSharḥ va tarjumah-i Ḥaqāyiq al-ṭibb: uṣūl-i pizishkī-i sunnatī :
=260  \\$c2014
=852  0\$aNNU$bBOBST$cMAIN$p31142056713657

