=LDR  00456nam  22001695i 4500
=001  004149553
=003  NNU
=005  00000000000000.0
=008  150615s2014\\\\ir\\\\\\\\\\\\000\0\per\d
=FMT  \\BK
=020  \\$a9786003131866
=035  \\$a(ipbs)15/02035
=035  7\$aipbs15/02035
=040  \\$aNNU$cNNU
=245  10$aRisālah dar darmān-i niqris: bih inz̤imām-i risālah-i Niqris az Zakarīyā-yi Rāzī :
=260  \\$c2014
=852  0\$aNNU$bBOBST$cMAIN$p31142056713673

