=LDR  01192cam  22003495i 4500
=001  004149570
=003  NNU
=005  20150709160808.0
=008  150409s2014\\\\ir\\\\\\\\\\\\000\0\per\\
=FMT  \\BK
=010  \\$a2015325210
=020  \\$a9789645282187
=020  \\$a9645282187
=035  7\$aipbs15/02055
=035  \\$a(OCoLC)907133490
=037  \\$aLibrary of Congress -- Islamabad Overseas Office
=040  \\$aDLC$beng$erda$cDLC$dOCLCO
=042  \\$alcode
=043  \\$aa-ir---
=100  1\$aMurtaz̤avī, Manūchihr.
=245  10$aZindagīʹnāmah va khadamāt-i ʻilmī va farhangī-i zindah yād duktur Manūchihr Murtaz̤avī.
=250  \\$aChāp-i avval.
=264  \1$aTihrān :$bAnjuman-i Ās̲ār va Mafākhir-i Farhangī,$c2014.
=300  \\$a233 pages
=336  \\$atext$2rdacontent
=337  \\$aunmediated$2rdamedia
=338  \\$avolume$2rdacarrier
=490  0\$aSilsilah-i intishārāt va majmūʻah-i zindagīʹnāmahʹhā ;$v565/132
=520  \\$aMurtaz̤avī, Manūchihr - Criticism and interpretation ; Poets, Iranian - 20th century.
=546  \\$aIn Persian.
=710  2\$aAnjuman-i Ās̲ār va Mafākhir-i Farhangī.
=852  0\$aNNU$bBOBST$cMAIN$p31142056713756

