=LDR  01133nam  22003855i 4500
=001  004149571
=003  NNU
=005  20150708104239.0
=008  150409s2014\\\\ir\\\\\\\\\\\\000\0\pero\
=FMT  \\BK
=010  \\$a2015325211
=020  \\$a9789641903765 (set)
=020  \\$a9641903764 (set)
=020  \\$a9789641903772 (v. 1)
=020  \\$a9641903772 (v. 1)
=020  \\$a9789641903789 (v. 2
=020  \\$a9641903780 (v. 2
=035  7\$aipbs15/02056
=035  \\$a(OCoLC)907133491
=037  \\$aLibrary of Congress -- Islamabad Overseas Office
=040  \\$aDLC$beng$erda$cDLC
=042  \\$alcode
=043  \\$aa-ir---
=100  1\$aṬālibī, Farāmarz.
=245  10$aTaʻziyah dar Gīlān.
=250  \\$aChāp-i avval.
=264  \1$aRasht :$bFarhang-i Īliyā,$c2014.
=300  \\$a326 pages
=336  \\$atext$2rdacontent
=337  \\$aunmediated$2rdamedia
=338  \\$avolume$2rdacarrier
=490  0\$aFarhang-i Īliyā ;$v476.$aDānishnāmah-yi farhang va tamaddun-i Gīlān ;$v59-60
=520  \\$aTaʻziyah - Iran - Gīlān - History.
=546  \\$aIn Persian.
=852  0\$aNNU$bBOBST$cMAIN$p31142056713905$3V.1

