=LDR  00891nam  22003135a 4500
=001  004149576
=003  NNU
=005  20150707140620.0
=008  110222s2014\\\\ir\\\\\\\\\\\\000\f\per\d
=FMT  \\BK
=020  \\$a9786006605814
=020  \\$a6006605813
=035  7\$aipbs15/02061
=035  \\$a(OCoLC)909990446
=040  \\$aHLS$beng$cHLS
=066  \\$c(3$c(4
=100  1\$6880-01$aNabī, Mays̲am.
=245  10$6880-02$aĀlmā /$cMays̲am Nabī.
=250  \\$6880-03$aChāp-i 1.
=260  \\$6880-04$aTihrān :$bNashr-i Āmūt,$c1393 [2014]
=300  \\$a171 p. ;$c21 cm.
=500  \\$aNovel.
=546  \\$aIn Persian.
=752  \\$aIran$dTehran.
=880  1\$6100-01/$aنبی، میثم.
=880  10$6245-02/$aآلما /$cمیثم نبی.
=880  \\$6250-03/$aچاپ 1.
=880  \\$6260-04/$aتهران :$bنشر آموت،$c1393 [2014]
=852  0\$aNNU$bBOBST$cMAIN$p31142056714127

