=LDR  01148cam  22003495i 4500
=001  004149588
=003  NNU
=005  20150708120116.0
=008  150409s2014\\\\ir\\\\\\\\\\\\000\0\pero\
=FMT  \\BK
=010  \\$a2015325218
=020  \\$a9789645282491
=020  \\$a9645282497
=035  7\$aipbs15/02073
=035  \\$a(OCoLC)907133382
=037  \\$aLibrary of Congress -- Islamabad Overseas Office
=040  \\$aDLC$beng$erda$cDLC$dOCLCO
=042  \\$alcode
=043  \\$aa-ir---
=100  1\$aNīsārī, Salīm.
=245  10$aZindagīʹnāmah va khadamāt-i ʻilmī va farhangī-i ustād duktur Salīm Nīsārī
=250  \\$aChāp-i avval.
=264  \1$aTihrān :$bAnjuman-i Ās̲ār va Mafākhir-i Farhangī,$c2014.
=300  \\$a207 pages
=336  \\$atext$2rdacontent
=337  \\$aunmediated$2rdamedia
=338  \\$avolume$2rdacarrier
=490  0\$aSilsilah-i intishārāt va majmūʻah-i zindagīʹnāmahʹhā ;$v561/125
=520  \\$aNīsārī, Salīm ; Authors, Iranian - 20th century - Biography.
=546  \\$aIn Persian.
=710  2\$aAnjuman-i Ās̲ār va Mafākhir-i Farhangī.
=852  0\$aNNU$bBOBST$cMAIN$p31142056714010

