=LDR  00970cam  22003255i 4500
=001  004149609
=003  NNU
=005  20150707111852.0
=008  150409s2014\\\\ir\\\\\\\\\\\\000\0\pero\
=FMT  \\BK
=010  \\$a2015325234
=020  \\$a9789641903512
=020  \\$a9641903519
=035  7\$aipbs15/02098
=035  \\$a(OCoLC)907133580
=037  \\$aLibrary of Congress -- Islamabad Overseas Office
=040  \\$aDLC$beng$erda$cDLC$dOCLCO
=042  \\$alcode
=043  \\$aa-ir---
=100  1\$aYūsufdihī, Hūman,$d1969 or 1970-
=245  10$aUstāndārān-i Gīlān az āghāz tā 1357.
=250  \\$aChāp-i avval.
=264  \1$aRasht :$bFarhang-i Īliyā,$c2014.
=300  \\$a153 pages
=336  \\$atext$2rdacontent
=337  \\$aunmediated$2rdamedia
=338  \\$avolume$2rdacarrier
=520  \\$aGovernors - Iran - Gīlān - 20th century ; Iran - History - Pahlavi dynasty, 1925-1979.
=546  \\$aIn Persian.
=852  0\$aNNU$bBOBST$cMAIN$p31142056714192

