=LDR  00456nam  22001695i 4500
=001  004149617
=003  NNU
=005  00000000000000.0
=008  150615s2014\\\\ir\\\\\\\\\\\\000\0\per\d
=FMT  \\BK
=020  \\$a9786006299327
=035  \\$a(ipbs)14/11007
=035  7\$aipbs14/11007
=040  \\$aNNU$cNNU
=245  10$aNaẓarīyahʹhā-yi mardānagī bā taʼkīd bar rūykardʹhā-yi jāmiʻahʹshinākhtī :
=260  \\$c2014
=852  0\$aNNU$bBOBST$cMAIN$p31142056714200

