=LDR  00386nam  22001695i 4500
=001  004149655
=003  NNU
=005  00000000000000.0
=008  150615s2014\\\\ir\\\\\\\\\\\\000\0\per\d
=FMT  \\BK
=020  \\$a9789643696665
=035  \\$a(ipbs)14/11064
=035  7\$aipbs14/11064
=040  \\$aNNU$cNNU
=245  10$aDar khvāb davīdan :
=260  \\$c2014
=852  0\$aNNU$bBOBST$cMAIN$p31142056714390

