=LDR  01486cam  22004217i 4500
=001  004149666
=003  NNU
=005  20150708160215.0
=008  150130s2014\\\\ir\\\\\\\\\\\\000\1\per\\
=FMT  \\BK
=010  \\$a2014310754
=020  \\$a9789643638757
=020  \\$a9643638758
=035  7\$aipbs14/11075
=035  \\$a(OCoLC)902138962
=037  \\$aLibrary of Congress -- Islamabad Overseas Office
=040  \\$aDLC$beng$erda$cDLC$dOCLCO
=042  \\$alcode
=043  \\$aa-ir---$an-us---
=066  \\$c(3$c(4
=100  1\$6880-01$aQahramānī, Saʻīd,$d1953 or 1954-$eauthor.
=245  10$6880-02$aTajrubahʹī-i Īrānī - Amrīkāyī /$cSaʻīd Qahramānī.
=246  3\$6880-03$aTajrubahʹī-i Īrānī - Amrīkāʼī
=246  3\$aTajrubahʹī Īrānī - Amrīkāyī
=250  \\$6880-04$aChāp-i avval.
=264  \1$6880-05$aTihrān :$bIntishārāt-i Hirmis,$c1393 [2014 or 2015]
=300  \\$a285 pages ;$c22 cm
=336  \\$atext$2rdacontent
=337  \\$aunmediated$2rdamedia
=338  \\$avolume$2rdacarrier
=500  \\$aShort stories.
=546  \\$aIn Persian.
=880  1\$6100-01/$aقهرمانى، سعيد.
=880  10$6245-02/$aتجربه اى ايرانى - امريکايى /$cسعيد قهرمانى.
=880  3\$6246-03/$aتجربه اى ايرانى - امريکائى
=880  \\$6250-04/$aچاپ اول.
=880  \1$6264-05/$aتهران :$bانتشارات هرمس،$c1393 [2014 or 2015].
=852  0\$aNNU$bBOBST$cMAIN$p31142056715074

