=LDR  01660cam  22004337i 4500
=001  004149669
=003  NNU
=005  20150709150508.0
=008  150130s2014\\\\ir\\\\\\\\\\\\000\1\per\\
=FMT  \\BK
=010  \\$a2014310755
=020  \\$a9786002293626
=020  \\$a6002293620
=035  7\$aipbs14/11078
=035  \\$a(OCoLC)902138964
=037  \\$aLibrary of Congress -- Islamabad Overseas Office
=040  \\$aDLC$beng$erda$cDLC$dOCLCO
=042  \\$alcode
=066  \\$c(3$c(4
=100  1\$6880-01$aJamālʹābādī, Sārā,$d1980 or 1981-$eauthor.
=245  10$6880-02$aYih daqīqah ḥarf nazan! :$bmajmūʻah-i dāstān /$cSārā Jamālʹābādī ; vīrāstār, ʻAlī Ḥasanʹābādī.
=250  \\$6880-03$aChāp-i avval.
=264  \1$6880-04$aTihrān :$bNashr-i Chashmah,$c1393 [2014]
=300  \\$a121 pages ;$c21 cm
=336  \\$atext$2rdacontent
=337  \\$aunmediated$2rdamedia
=338  \\$avolume$2rdacarrier
=490  0\$aJahān-i tāzah-i dāstān
=500  \\$aShort stories.
=500  \\$a"Dāstān-i Fārsī, Jahān-i tāzah-yi dāstān"--Page 4 of cover.
=546  \\$aIn Persian.
=520  \\$aShort stories, Persian - 20th century.
=700  1\$6880-05$aḤasanʹābādī, ʻAlī,$eeditor.
=880  1\$6100-01/$aجمال آبادى، سارا.
=880  10$6245-02/$aيه دقيقه حرف نزن! :$bمجموعه داستان /$cسارا جمال آبادى ؛ ويراستار، على حسن آبادى.
=880  \\$6250-03/$aچاپ اول.
=880  \1$6264-04/$aتهران :$bنشر چشمه،$c1393 [2014].
=880  1\$6700-05/$aحسن آبادى، على.
=852  0\$aNNU$bBOBST$cMAIN$p31142056714648

