=LDR  00910cam  22003255i 4500
=001  004149688
=003  NNU
=005  20150709141335.0
=008  150130s2014\\\\ir\\\\\\\\\\\\000\0\pero\
=FMT  \\BK
=010  \\$a2014310772
=020  \\$a9786007212493
=020  \\$a6007212491
=035  7\$aipbs14/11099
=035  \\$a(OCoLC)902138873
=037  \\$aLibrary of Congress -- Islamabad Overseas Office
=040  \\$aDLC$beng$erda$cDLC
=042  \\$alcode
=100  1\$aMūsavīʹnizhād, Valī,$d1979-
=245  10$aPīchīdagī-i siyāsat dar Īrān.
=250  \\$aChāp-i avval.
=264  \1$aTihrān :$bTīsā,$c2014.
=300  \\$a230 pages
=336  \\$atext$2rdacontent
=337  \\$aunmediated$2rdamedia
=338  \\$avolume$2rdacarrier
=490  0\$aKitāb-i guft va gū ;$v5
=520  \\$aIran - Politics and government - 1997-
=546  \\$aIn Persian.
=852  0\$aNNU$bBOBST$cMAIN$p31142056714788

