=LDR  01216nam  22003617i 4500
=001  004159611
=003  NNU
=005  20150714112642.0
=008  150714s2014\\\\fr\\\\\\\\\\\\000\f\per\\
=FMT  \\BK
=010  \\$a2014428003
=020  \\$a9782366122732
=020  \\$a236612273X
=035  \\$a(OCoLC)885551354
=040  \\$aDLC$beng$erda$cDLC
=066  \\$c(3$c(4
=100  1\$6880-01$aRustamʹpūr, Mahdī.
=245  10$6880-02$aẔūzanaqah-ʼi Tajrīsh /$cMahdī Rustamʹpūr.
=250  \\$6880-03$aChāp-i nukhust.
=264  \1$6880-04$aPārīs :$bNashr-i Nākujā,$c2014.
=300  \\$a119 pages ;$c23 cm.
=336  \\$atext$btxt$2rdacontent
=337  \\$aunmediated$bn$2rdamedia
=338  \\$avolume$bnc$2rdacarrier
=490  0\$6880-05$aMajmūʻah-i safar bih dīgar sū, dāstān-i buland
=500  \\$aNovel.
=546  \\$aIn Persian.
=880  1\$6100-01/$aرستم پور، مهدى.
=880  10$6245-02/$aذوزنقۀ تجريش /$cمهدى رستم پور.
=880  \\$6250-03/$aچاپ نخست.
=880  \1$6264-04/$aپاريس :$bنشر ناکجا،$c2014.
=880  0\$6490-05/$aمجموعه سفر به ديگر سو، داستان بلند
=852  0\$aNNU$bBOBST$cMAIN$p31142056715066

