=LDR  01183cam  22003257i 4500
=001  004159678
=003  NNU
=005  20150714135001.0
=008  150714s2013\\\\lu\\\\\\\\\\\\000\p\per\\
=FMT  \\BK
=010  \\$a2014371400
=035  \\$a(OCoLC)881389298
=040  \\$aDLC$beng$erda$cDLC
=066  \\$c(3$c(4
=100  1\$6880-01$aSaḥar, M.
=245  10$6880-02$aDaftar-i rubāʻī va tarānahʹhā-yi kūchak-i dīgar :$btarānahʹhā-yi saḥar = Les chants /$cMuḥammad Jalālī Chīmah (M. Saḥar).
=246  14$6880-03$aTarānahʹhā-yi saḥar
=246  15$aChants
=264  \1$6880-04$a[Luxembourg?] :$bPayām,$c2013.
=300  \\$a292 pages ;$c24 cm
=336  \\$atext$btxt$2rdacontent
=337  \\$aunmediated$bn$2rdamedia
=338  \\$avolume$bnc$2rdacarrier
=500  \\$aPoems.
=546  \\$aIn Persian.
=880  1\$6100-01/$aسحر، م.
=880  10$6245-02/$aدفتر رباعى و ترانه هاى کوچک ديگر :$bترانه هاى سحر = Les chants /$cمحمد جلالى چيمه (م. سحر).
=880  14$6246-03/$aترانه هاى سحر
=880  \1$6264-04/$a[Luxembourg؟] :$bپيام،$c2013.
=852  0\$aNNU$bBOBST$cMAIN$p31142056715041

