=LDR  00583cam  22002415c 4500
=001  004159705
=003  NNU
=005  20150714145731.0
=008  150714s2013\\\\onc\\\\\\\\\\\000\j\per\d
=FMT  \\BK
=035  \\$a(OCoLC)900473838
=040  \\$aDKDLA$bdan$cDKDLA
=084  \\$a88.42$2z
=100  1\$aJāmī, Ānāhītā$4aut
=245  10$aDu māhī
=260  \\$aToronto :$bPigāh,$c1392 [2013]
=300  \\$a43 sider
=500  \\$aNoveller
=500  \\$aModerne noveller
=650  \4$asocialrealisme
=650  \4$alivet
=650  \4$alevevilkår
=852  0\$aNNU$bBOBST$cMAIN$p31142056715017

