=LDR  01391cam  22003977i 4500
=001  004159786
=003  NNU
=005  20150714170645.0
=008  150714s2014\\\\gw\\\\\\\\\\\\000\j\per\\
=FMT  \\BK
=010  \\$a2014371685
=020  \\$a9783864331060
=020  \\$a3864331064
=035  \\$a(OCoLC)880831303
=040  \\$aDLC$beng$erda$cDLC$dHLS$dOCLCO$dOCLCF
=041  0\$aper$beng$bfre$bger
=066  \\$c(3$c(4
=100  1\$6880-01$aMuṣṭafavī, Khashāyār,$d1982 or 1983-
=245  10$6880-02$aBih jahannam :$bmajmūʻah-i dāstān = To hell /$cKhashāyār Muṣṭafavī.
=246  15$aTo hell
=250  \\$6880-03$aChāp-i yakum.
=264  \1$6880-04$aBirlīn :$bNashr-i Gardūn,$c2014.
=300  \\$a250 pages ;$c20 cm
=336  \\$atext$btxt$2rdacontent
=337  \\$aunmediated$bn$2rdamedia
=338  \\$avolume$bnc$2rdacarrier
=500  \\$aShort stories.
=546  \\$aIn Persian; introduction in English, French and German.
=651  \0$aIran$xGeography.
=650  \7$aGeography.$2fast$0(OCoLC)fst00940469
=651  \7$aIran.$2fast$0(OCoLC)fst01204889
=880  1\$6100-01/$aمصطفوى، خشايار.
=880  10$6245-02/$aبه جهنم :$bمجموعه داستان = To hell /$cخشايار مصطفوى.
=880  \\$6250-03/$aچاپ يکم.
=880  \1$6264-04/$aبرلين :$bنشر گردون،$c2014.
=852  0\$aNNU$bBOBST$cMAIN$p31142056714929

