=LDR  01336nam  22003737i 4500
=001  004159934
=003  NNU
=005  20150715101525.0
=008  150715s2013\\\\sw\\\\\\\\\\\\000\p\per\\
=FMT  \\BK
=010  \\$a2014371054
=020  \\$a9789198069266
=020  \\$a9198069268
=035  \\$a(OCoLC)881389239
=040  \\$aDLC$beng$erda$cDLC
=066  \\$c(3$c(4
=100  1\$6880-01$aḤātamī, Shahriyār.
=245  10$6880-02$aMan hamah ān damam = I am that instant : collection of poetry /$cShahriyār Ḥātamī.
=246  14$6880-03$aMajmūʻah-yi shiʻr
=246  1\$iTitle on p. [4] of cover:$aI am that instant : collection of poetry
=250  \\$6880-04$aChāp-i nukhust.
=264  \1$6880-05$aIstukʹhulm, Sūʼid :$bIntishārāt-i Ārash,$c2013.
=300  \\$a192 pages ;$c21 cm
=336  \\$atext$2rdacontent
=337  \\$aunmediated$2rdamedia
=338  \\$avolume$2rdacarrier
=500  \\$aPoems.
=546  \\$aIn Persian.
=880  1\$6100-01/$aحاتمى، شهريار.
=880  10$6245-02/$aمن همه آن دمم = I am that instant : collection of poetry /$cشهريار حاتمى.
=880  14$6246-03/$aمجموعه ى شعر
=880  \\$6250-04/$aچاپ نخست.
=880  \1$6264-05/$aاستکهلم، سوئد :$bانتشارات آرش،$c2013.
=852  0\$aNNU$bBOBST$cMAIN$p31142056717435

