=LDR  01281nam  22003617i 4500
=001  004159939
=003  NNU
=005  20150715103956.0
=008  150715s2015\\\\sw\a\\\\\\\\\\000\j\per\\
=FMT  \\BK
=010  \\$a2015377186
=020  \\$a9789187359163
=020  \\$a9187359162
=035  \\$a(OCoLC)904942705
=040  \\$aDLC$beng$erda$cDLC
=066  \\$c(3$c(4
=100  1\$6880-01$aMuḥammadī, Muḥammad Ḥusayn.
=245  10$6880-02$aKhūshahʹhā va malakh /$cMuḥammad Ḥusayn Muḥammadī.
=246  1\$6880-03$iAt head of title:$aDāstān-i nawjavān
=250  \\$6880-04$aChāp-i avval.
=264  \1$6880-05$aIstukhum, Sūʼid :$bIntishārāt-i Firdawsī,$c2015.
=300  \\$a85 pages :$billustrations ;$c22 cm
=336  \\$atext$btxt$2rdacontent
=337  \\$aunmediated$bn$2rdamedia
=338  \\$avolume$bnc$2rdacarrier
=500  \\$aShort stories.
=546  \\$aIn Persian.
=880  1\$6100-01/$aمحمدى، محمد حسين.
=880  10$6245-02/$aخوشه ها و ملخ /$cمحمد حسين محمدى.
=880  1\$6246-03/$iAt head of title:$aداستان نوجوان
=880  \\$6250-04/$aچاپ اول.
=880  \1$6264-05/$aاستکهلم، سوئد :$bانتشارات فردوسى،$c2015.
=852  0\$aNNU$bBOBST$cMAIN$p31142056717492

