=LDR  00989nam  22003377i 4500
=001  004159993
=003  NNU
=005  20150715130946.0
=008  150715s2013\\\\sw\\\\\\\\\\\\000\p\per\\
=FMT  \\BK
=010  \\$a2014428013
=020  \\$a9789163729980
=020  \\$a9163729989
=035  \\$a(OCoLC)888402911
=040  \\$aDLC$beng$erda$cDLC
=066  \\$c(3$c(4
=100  1\$6880-01$aNizhādʹmihr, Rasūl.
=245  10$6880-02$aKitāb =$bThe book /$cRasūl Nizhādʹmihr.
=246  15$aBook
=250  \\$6880-03$aChāp-i nukhust.
=264  \1$a[Sweden] :$bRumi Gothenburg,$c2013.
=300  \\$a140 pages ;$c17 cm
=336  \\$atext$btxt$2rdacontent
=337  \\$aunmediated$bn$2rdamedia
=338  \\$avolume$bnc$2rdacarrier
=500  \\$aPoems.
=546  \\$aIn Persian.
=880  1\$6100-01/$aنژاد مهر، رسول.
=880  10$6245-02/$aکتاب =$bThe book /$cرسول نژاد مهر.
=880  \\$6250-03/$aچاپ نخست.
=852  0\$aNNU$bBOBST$cMAIN$p31142056717427

