=LDR  01074nam  2200337 i 4500
=001  004159996
=003  NNU
=005  20150715132422.0
=008  150715s2012\\\\ir\\\\\\\\\\\\000\j\per\\
=FMT  \\BK
=010  \\$a2014428408
=020  \\$a9781780831657
=020  \\$a178083165X
=035  \\$a(OCoLC)890913866
=040  \\$aDLC$beng$erda$cDLC
=042  \\$apcc
=066  \\$c(4$c(3
=100  1\$6880-01$aKūshān, Manṣūr.
=245  10$6880-02$aĀvāzʹhā-yi khāmūsh dar tabʻīd =$bQuiet songs in excile /$cManṣūr Kūshān.
=246  15$aQuiet songs in excile
=250  \\$6880-03$aChāp-i avval.
=264  \1$aLondon :$bH&S Media,$c2012.
=300  \\$a154 pages ;$c22 cm
=336  \\$atext$btxt$2rdacontent
=337  \\$aunmediated$bn$2rdamedia
=338  \\$avolume$bnc$2rdacarrier
=500  \\$aShort stories.
=880  1\$6100-01/$aکوشان، منصور.
=880  10$6245-02/$aآوازهاى خاموش در تبعيد =$bQuiet songs in excile /$cمنصور کوشان.
=880  \\$6250-03/$aچاپ اول.
=852  0\$aNNU$bBOBST$cMAIN$p31142056717286

