=LDR  01194nam  22003617i 4500
=001  004159997
=003  NNU
=005  20150715133252.0
=008  150715s2014\\\\fr\\\\\\\\\\\\000\f\per\\
=FMT  \\BK
=010  \\$a2014428722
=020  \\$a9782366122947
=020  \\$a2366122942
=035  \\$a(OCoLC)897346468
=040  \\$aDLC$beng$erda$cDLC
=066  \\$c(3$c(4
=100  1\$6880-01$aYalfānī, Mihrī.
=245  10$6880-02$aSukūt-i Tahmīnah /$cMihrī Yalfānī.
=250  \\$6880-03$aChāp-i nukhust.
=264  \1$6880-04$aPārīs :$bNashr-i Nākujā,$c2014.
=300  \\$a121 pages ;$c21 cm
=336  \\$atext$btxt$2rdacontent
=337  \\$aunmediated$bn$2rdamedia
=338  \\$avolume$bnc$2rdacarrier
=490  0\$6880-05$aMajmūʻah-i safar bih dīgar sū, dāstān-i buland
=500  \\$aNovel.
=546  \\$aIn Persian.
=880  1\$6100-01/$aيلفانى، مهرى.
=880  10$6245-02/$aسکوت تهمينه /$cمهرى يلفانى.
=880  \\$6250-03/$aچاپ نخست.
=880  \1$6264-04/$aپاريس :$bنشر ناکجا،$c2014.
=880  0\$6490-05/$aمجموعه سفر به ديگر سو، داستان بلند
=852  0\$aNNU$bBOBST$cMAIN$p31142056717351

