=LDR  01243nam  22003617i 4500
=001  004160025
=003  NNU
=005  20150715145644.0
=008  150715s2013\\\\sw\\\\\\\\\\\\000\f\per\\
=FMT  \\BK
=010  \\$a2015377194
=020  \\$a9789198140026
=020  \\$a9198140027
=035  \\$a(OCoLC)907296731
=040  \\$aDLC$beng$erda$cDLC
=041  0\$aper$bswe
=066  \\$c(3$c(4
=100  1\$6880-01$aMoazzami, Faramarz.
=245  10$6880-02$aKhurramshahr /$cnivīsandah, Farāmarz Muʻaẓimī.
=246  1\$iTitle on page 4 of cover:$aAlas Mullah Omar
=250  \\$6880-03$aChāp-i nukhust.
=264  \1$6880-04$aSūʼid :$bKhānah-ʼi Farhang-i Shāmlū (Ālfābit Māksīmā),$c2013.
=300  \\$a113 pages ;$c21 cm
=336  \\$atext$btxt$2rdacontent
=337  \\$aunmediated$bn$2rdamedia
=338  \\$avolume$bnc$2rdacarrier
=500  \\$aNovel.
=546  \\$aIn Persian; introduction in Swedish.
=880  1\$6100-01/$aمعظمى، فرامرز.
=880  10$6245-02/$aخرمشهر /$cنويسنده، فرامرز معظمى.
=880  \\$6250-03/$aچاپ نخست.
=880  \1$6264-04/$aسوئد :$bخانۀ فرهنگ شاملو (الفابت ماکسيما)،$c2013.
=852  0\$aNNU$bBOBST$cMAIN$p31142056717369

