=LDR  00388nam  22001695i 4500
=001  004202364
=003  NNU
=005  20151104092048.0
=008  151102s2015\\\\ir\\\\\\\\\\\\000\0\per\d
=FMT  \\BK
=020  \\$a9786005639285
=035  \\$a(ipbs)15/03066
=035  7\$aipbs15/03066
=040  \\$aNNU$cNNU
=245  10$aMardī kih hīch būd :
=260  \\$c2015
=852  0\$aNNU$bBOBST$cMAIN$p31142044566696

