=LDR  00406nam  22001695i 4500
=001  004202366
=003  NNU
=005  20151104093152.0
=008  151102s2015\\\\ir\\\\\\\\\\\\000\0\per\d
=FMT  \\BK
=020  \\$a9786006605739
=035  \\$a(ipbs)15/03068
=035  7\$aipbs15/03068
=040  \\$aNNU$cNNU
=245  10$aNafas-i ʻamīq (majmūʻah-i dāstān) :
=260  \\$c2015
=852  0\$aNNU$bBOBST$cMAIN$p31142044566704

